@comment{
##################################################
########## REFERENCES FOR GALOIS STUFF  ##########
##################################################
}
@book{Szamuley2009,
    author = {Tamás Szamuely},
    title = {Galois Groups and Fundamental Groups},
    publisher = {Cambridge Studies in Advanced Mathematics (No. 117)},
    year = {2009}
}

@misc{Lenstra2008,
    author = {H W Lenstra},
    title = {Galois Theory for Schemes},
    year = {2008}
}

@misc{Leinster,
    author = {Tom Leinster},
    title = {Galois Theory},
    year = {2023},
    notes = {Course notes}
}

@article{Winter2005,
    author = {David J. Winter},
    title = {A Galois theory of commutative rings},
    journal = {Journal of Algebra},
    note = {University of Michigan, Ann Arbor, MI 48109-1109, USA},
    year = {2005}
}

@book{Magid2014,
    title = {The Separable Galois Theory of Commutative Rings},
    author = {Andy R. Magid},
    year = {2014},
    publisher = {Imprint Chapman and Hall/CRC},
    note = {https://doi.org/10.1201/b17145},
    isbn = {ISBN 9780429170966}
}

@article{Canlubo2016,
    author = {Clarisson Rizzie Canlubo},
    title = {Hopf algebroids, Hopf categories, and their Galois theories},
    journal = {arXiv},
    year = {2016},
    note = {arXiv:1612.06317v1}
}

@article{ChaseSweedler1969,
    author = {Stephen U. Chase, \& Moss E. Sweedler},
    title = {Hopf algebras and Galois theory},
    journal = {Springer: Lecture Notes in Mathematics},
    year = {1969}
}

@misc{BhattScholze2014,
      title={The pro-\'etale topology for schemes}, 
      author={Bhargav Bhatt and Peter Scholze},
      year={2014},
      eprint={1309.1198},
      archivePrefix={arXiv},
      primaryClass={math.AG},
      url={https://arxiv.org/abs/1309.1198}, 
}


@comment{
############################################################
##########  REFERENCES FOR BASIC SPECTRA DEFNS    ##########
############################################################
}
@inbook{EilenbergSteenrod1972,
    place={Cambridge}, 
    series={London Mathematical Society Lecture Note Series}, 
    title={An axiomatic approach to homology theory}, 
    booktitle={Algebraic Topology: A Student’s Guide}, 
    publisher={Cambridge University Press}, 
    author={Eilenberg, S. and Steenrod, N. E. and Adams, J. F. and Shepherd, G. C.}, 
    year={1972}, 
    pages={46–50}, 
    collection={London Mathematical Society Lecture Note Series}
}

@misc{HA,
    author={Jacob Lurie},
    title={Higher Algebra},
    date={2017}
}

@misc{pstrągowski2021,
      title={Abstract Goerss-Hopkins theory}, 
      author={Piotr Pstrągowski and Paul VanKoughnett},
      year={2021},
      eprint={1904.08881},
      archivePrefix={arXiv},
      primaryClass={math.AT},
      url={https://arxiv.org/abs/1904.08881}, 
}

@misc{mazelgee2018,
      title={Goerss--Hopkins obstruction theory for $\infty$-categories}, 
      author={Aaron Mazel-Gee},
      year={2018},
      eprint={1812.07624},
      archivePrefix={arXiv},
      primaryClass={math.AT},
      url={https://arxiv.org/abs/1812.07624}, 
}

@article{Ando2013,
   title={An ∞-categorical approach to R-line bundles, R-module Thom spectra, and twisted R-homology},
   volume={7},
   ISSN={1753-8416},
   url={http://dx.doi.org/10.1112/jtopol/jtt035},
   DOI={10.1112/jtopol/jtt035},
   number={3},
   journal={Journal of Topology},
   publisher={Wiley},
   author={Ando, Matthew and Rezk, Charles and Blumberg, Andrew J. and Gepner, David and Hopkins, Michael J.},
   year={2013},
   month=oct, pages={869–893}
}

@misc{BrownPeterson1965,
    title = {A spectrum whose Zp, cohomology is the algebra of reduced pth powers},
    author = {Edgar H. Brown, Franklin P. Peterson},
    year    = {1965}
}

@article{Haugseng2017,
    title={The higher Morita category of En–algebras},
    volume={21},
    ISSN={1465-3060},
    url={http://dx.doi.org/10.2140/gt.2017.21.1631},
    DOI={10.2140/gt.2017.21.1631},
    number={3},
    journal={Geometry \& Topology},
    publisher={Mathematical Sciences Publishers},
    author={Haugseng, Rune},
    year={2017},
    month=may, 
    pages={1631–1730}
}



@comment{
########################################################
##########  REFERENCES FOR SPECTRAL GALOIS    ##########
########################################################
}

@misc{Matthew2014,
    author = {Akhil Matthew},
    title = {The Galois group of a stable homotopy theory},
    year = {2014}
}

@article{BeardsleyMorava2018,
    author = {Jonathan Beardsley, \& Jack Morava},
    title = {Toward a Galois theory of the integers over the sphere spectrum},
    journal = {Journal of Geometry and Physics},
    year = {2018}
}

@misc{Rognes2005,
      title={Galois extensions of structured ring spectra}, 
      author={John Rognes},
      year={2005},
      eprint={math/0502183},
      archivePrefix={arXiv},
      primaryClass={math.AT}
}

@misc{BakerRichter2000,
      title={Realizability of Algebraic Galois Extensions by Strictly Commutative Ring Spectra}, 
      author={Andrew Baker \& Birgit Richter},
      year={2000}
}

@misc{BakerRichter2008,
      title={Galois extensions of Lubin-Tate spectra}, 
      author={Andrew Baker and Birgit Richter},
      year={2008},
      eprint={0710.5097},
      archivePrefix={arXiv},
      primaryClass={math.AT},
      url={https://arxiv.org/abs/0710.5097}, 
}

@misc{Barwick2020,
      title={Exodromy}, 
      author={Clark Barwick and Saul Glasman and Peter Haine},
      year={2020},
      eprint={1807.03281},
      archivePrefix={arXiv},
      primaryClass={math.AT}
}

@article{Mathew2017,
   title={Nilpotence and descent in equivariant stable homotopy theory},
   volume={305},
   ISSN={0001-8708},
   url={http://dx.doi.org/10.1016/j.aim.2016.09.027},
   DOI={10.1016/j.aim.2016.09.027},
   journal={Advances in Mathematics},
   publisher={Elsevier BV},
   author={Mathew, Akhil and Naumann, Niko and Noel, Justin},
   year={2017},
   month=jan,
pages={994–1084}
}

@misc{Mor2023,
      title={Picard and Brauer groups of $K(n)$-local spectra via profinite Galois descent}, 
      author={Itamar Mor},
      year={2023},
      eprint={2306.05393},
      archivePrefix={arXiv},
      primaryClass={math.AT},
      url={https://arxiv.org/abs/2306.05393}, 
}


@comment{
##################################################
##########  REFERENCES FOR CHROMATIC    ##########
##################################################
}
@book{HoveyStrickland1999,
    author = {Mark Hovey, Neil P. Strickland},
    title = {Morava K-theories and localisation},
    publisher = {Memoirs of the American Mathematical Society},
    year = {1999},
    DOI = {https://doi.org/10.1090/memo/0666},
    ISBN = {978-0-8218-1079-8 (print); 978-1-4704-0255-6 (online)},
    Volume = {Volume 139},
    number= {Number 666}
}

@book{Ravenel2003,
    author = {Douglas C. Ravenel},
    title = {Complex Cobordism and Stable Homotopy Groups of Spheres},
    publisher = {American Mathematical Society Chelsea Publishing},
    year = {2003}
}

@misc{Barwick2009,
    title = {Applications of Derived Algebraic Geometry to Homotopy Theory},
    author = {Clark Barwick},
    year = {2009}
}

@misc{Lurie2010,
    title = {Chromatic Homotopy Theory},
    author = {Jacob Lurie},
    year = {2010}
}

@misc{BurklandSchlankYuan2022,
      title={The Chromatic Nullstellensatz}, 
      author={Robert Burklund and Tomer M. Schlank and Allen Yuan},
      year={2022},
      eprint={2207.09929},
      archivePrefix={arXiv},
      primaryClass={math.AT},
      url={https://arxiv.org/abs/2207.09929}, 
}

@misc{Rok2023,
    title = {The Devinatz–Hopkins theorem via algebraic geometry},
    author = {Rok Gregoric},
    year = {2023}
}

@article{DevinatzHopkins2004,
    title = {Homotopy fixed point spectra for closed subgroups of the Morava stabilizer groups},
    journal = {Topology},
    volume = {43},
    number = {1},
    year = {2004},
    issn = {0040-9383},
    doi = {https://doi.org/10.1016/S0040-9383(03)00029-6},
    url = {https://www.sciencedirect.com/science/article/pii/S0040938303000296},
    author = {Ethan S. Devinatz and Michael J. Hopkins},
}

@misc{Hopkins1999,
    author = {Mike Hopkins},
    title = {Complex oriented cohomology theories and the language of stacks},
    year = {1999},
    note = {course notes}
}

@comment{
##################################################
##########  REFERENCES FOR G-SPECTRA    ##########
##################################################
}

@article{Blumberg2006,
   title={Continuous functors as a model for the equivariant stable homotopy category},
   volume={6},
   ISSN={1472-2747},
   url={http://dx.doi.org/10.2140/agt.2006.6.2257},
   DOI={10.2140/agt.2006.6.2257},
   number={5},
   journal={Algebraic and Geometric Topology},
   publisher={Mathematical Sciences Publishers},
   author={Blumberg, Andrew},
   year={2006},
   month=dec, pages={2257–2295}
}

@misc{barwick2014,
      title={Spectral Mackey functors and equivariant algebraic K-theory (I)}, 
      author={C. Barwick},
      year={2014},
      eprint={1404.0108},
      archivePrefix={arXiv},
      primaryClass={math.AT},
      url={https://arxiv.org/abs/1404.0108}, 
}

@misc{MandellMay2000,
    title={Equivariant orthogonal spectra and S-modules},
    author={M.A. Mandell, J.P. May},
    year={2000},
    url={https://www.math.uchicago.edu/~may/PAPERS/MMMFinal.pdf}
}


@comment{
##################################################
##########       Miscellenious         ###########
##################################################
}
@misc{borger2015,
      title={The basic geometry of Witt vectors, I: The affine case}, 
      author={James Borger},
      year={2015},
      eprint={0801.1691},
      archivePrefix={arXiv},
      primaryClass={math.AG},
      url={https://arxiv.org/abs/0801.1691}, 
}